<record><leader>00000cas a22000007a 4500</leader><controlfield tag="001">26000758</controlfield><controlfield tag="008">920612d188u1916ncuwn ne      0    0eng d</controlfield><datafield ind1=" " ind2=" " tag="010"><subfield code="a">sn 92073091 </subfield></datafield><datafield ind1=" " ind2=" " tag="040"><subfield code="a">NVJ</subfield><subfield code="b">eng</subfield><subfield code="c">NVJ</subfield><subfield code="d">OCLCQ</subfield></datafield><datafield ind1=" " ind2=" " tag="042"><subfield code="a">msc</subfield></datafield><datafield ind1="0" ind2="0" tag="245"><subfield code="a">Webster's weekly.</subfield></datafield><datafield ind1=" " ind2=" " tag="260"><subfield code="a">Reidsville, N.C. :</subfield><subfield code="b">J.R. Webster</subfield></datafield><datafield ind1=" " ind2=" " tag="300"><subfield code="a">v.</subfield></datafield><datafield ind1=" " ind2=" " tag="310"><subfield code="a">Weekly,</subfield><subfield code="b">Sept. 16, 1915-Jan. 20, 1916</subfield></datafield><datafield ind1=" " ind2=" " tag="321"><subfield code="a">Weekly,</subfield><subfield code="b">&lt;Dec. 4, 1888&gt;-Apr. 20, 1910</subfield></datafield><datafield ind1=" " ind2=" " tag="321"><subfield code="a">Semiweekly,</subfield><subfield code="b">Apr. 26, 1910-Apr. 28, 1914</subfield></datafield><datafield ind1="0" ind2=" " tag="362"><subfield code="a">-v. 43, no. 51 (Jan. 20, 1916).</subfield></datafield><datafield ind1=" " ind2=" " tag="515"><subfield code="a">Suspended with Apr. 28, 1914 issue; resumed with Sept. 16, 1915 issue.</subfield></datafield><datafield ind1=" " ind2=" " tag="588"><subfield code="a">Description based on: Vol. 19, no. 48 (Dec. 4, 1888).</subfield></datafield><datafield ind1=" " ind2=" " tag="752"><subfield code="a">United States</subfield><subfield code="b">North Carolina</subfield><subfield code="c">Rockingham</subfield><subfield code="d">Reidsville.</subfield></datafield><datafield ind1="0" ind2="0" tag="780"><subfield code="t">Webster's dollar weekly</subfield><subfield code="w">(DLC)sn 85042171</subfield></datafield><datafield ind1="0" ind2="0" tag="785"><subfield code="t">Reidsville herald</subfield></datafield></record>